@article{Hijano:2015rla,
      author         = "Hijano, Eliot and Kraus, Per and Snively, River",
      title          = "{Worldline approach to semi-classical conformal blocks}",
      journal        = "JHEP",
      volume         = "07",
      year           = "2015",
      pages          = "131",
      doi            = "10.1007/JHEP07(2015)131",
      eprint         = "1501.02260",
      archivePrefix  = "arXiv",
      primaryClass   = "hep-th",
      SLACcitation   = "%%CITATION = ARXIV:1501.02260;%%"
}

@article{Hijano:2015zsa,
      author         = "Hijano, Eliot and Kraus, Per and Perlmutter, Eric and
                        Snively, River",
      title          = "{Witten Diagrams Revisited: The AdS Geometry of Conformal
                        Blocks}",
      year           = "2015",
      eprint         = "1508.00501",
      archivePrefix  = "arXiv",
      primaryClass   = "hep-th",
      SLACcitation   = "%%CITATION = ARXIV:1508.00501;%%"
}

@article{Brown:1986nw,
      author         = "Brown, J. David and Henneaux, M.",
      title          = "{Central Charges in the Canonical Realization of
                        Asymptotic Symmetries: An Example from Three-Dimensional
                        Gravity}",
      journal        = "Commun. Math. Phys.",
      volume         = "104",
      year           = "1986",
      pages          = "207-226",
      doi            = "10.1007/BF01211590",
      SLACcitation   = "%%CITATION = CMPHA,104,207;%%"
}

@article{Banados:1994tn,
      author         = "Banados, Maximo",
      title          = "{Global charges in Chern-Simons field theory and the
                        (2+1) black hole}",
      journal        = "Phys. Rev.",
      volume         = "D52",
      year           = "1996",
      pages          = "5816-5825",
      doi            = "10.1103/PhysRevD.52.5816",
      eprint         = "hep-th/9405171",
      archivePrefix  = "arXiv",
      primaryClass   = "hep-th",
      reportNumber   = "IMPERIAL-TP-93-94-40",
      SLACcitation   = "%%CITATION = HEP-TH/9405171;%%"
}

@article{Balasubramanian:1999re,
      author         = "Balasubramanian, Vijay and Kraus, Per",
      title          = "{A Stress tensor for Anti-de Sitter gravity}",
      journal        = "Commun. Math. Phys.",
      volume         = "208",
      year           = "1999",
      pages          = "413-428",
      doi            = "10.1007/s002200050764",
      eprint         = "hep-th/9902121",
      archivePrefix  = "arXiv",
      primaryClass   = "hep-th",
      reportNumber   = "HUTP-99-A002, EFI-99-6, NSF-ITP-98-132",
      SLACcitation   = "%%CITATION = HEP-TH/9902121;%%"
}

@article{Hartman:2013mia,
      author         = "Hartman, Thomas",
      title          = "{Entanglement Entropy at Large Central Charge}",
      year           = "2013",
      eprint         = "1303.6955",
      archivePrefix  = "arXiv",
      primaryClass   = "hep-th",
      SLACcitation   = "%%CITATION = ARXIV:1303.6955;%%"
}
@article{Fitzpatrick:2015zha,
      author         = "Fitzpatrick, A. Liam and Kaplan, Jared and Walters,
                        Matthew T.",
      title          = "{Virasoro Conformal Blocks and Thermality from Classical
                        Background Fields}",
      journal        = "JHEP",
      volume         = "11",
      year           = "2015",
      pages          = "200",
      doi            = "10.1007/JHEP11(2015)200",
      eprint         = "1501.05315",
      archivePrefix  = "arXiv",
      primaryClass   = "hep-th",
      SLACcitation   = "%%CITATION = ARXIV:1501.05315;%%"
}

@article{Belavin:1984vu,
      author         = "Belavin, A. A. and Polyakov, Alexander M. and
                        Zamolodchikov, A. B.",
      title          = "{Infinite Conformal Symmetry in Two-Dimensional Quantum
                        Field Theory}",
      journal        = "Nucl. Phys.",
      volume         = "B241",
      year           = "1984",
      pages          = "333-380",
      doi            = "10.1016/0550-3213(84)90052-X",
      reportNumber   = "CERN-TH-3827",
      SLACcitation   = "%%CITATION = NUPHA,B241,333;%%"
}
@article{Harlow:2011ny,
      author         = "Harlow, Daniel and Maltz, Jonathan and Witten, Edward",
      title          = "{Analytic Continuation of Liouville Theory}",
      journal        = "JHEP",
      volume         = "12",
      year           = "2011",
      pages          = "071",
      doi            = "10.1007/JHEP12(2011)071",
      eprint         = "1108.4417",
      archivePrefix  = "arXiv",
      primaryClass   = "hep-th",
      reportNumber   = "SU-ITP-11-42",
      SLACcitation   = "%%CITATION = ARXIV:1108.4417;%%"
}



@article{Fitzpatrick:2014vua,
      author         = "Fitzpatrick, A. Liam and Kaplan, Jared and Walters, Matthew T.",
      title          = "{Universality of Long-Distance AdS Physics from the CFT
                        Bootstrap}",
      journal        = "JHEP",
      volume         = "08",
      year           = "2014",
      pages          = "145",
      doi            = "10.1007/JHEP08(2014)145",
      eprint         = "1403.6829",
      archivePrefix  = "arXiv",
      primaryClass   = "hep-th",
      SLACcitation   = "%%CITATION = ARXIV:1403.6829;%%"
}

@article{Polyakov:1981rd,
      author         = "Polyakov, Alexander M.",
      title          = "{Quantum Geometry of Bosonic Strings}",
      journal        = "Phys. Lett.",
      volume         = "B103",
      year           = "1981",
      pages          = "207-210",
      doi            = "10.1016/0370-2693(81)90743-7",
      reportNumber   = "Print-81-0351 (LANDAU INST)",
      SLACcitation   = "%%CITATION = PHLTA,B103,207;%%"
}

@article{Alday:2009aq,
      author         = "Alday, Luis F. and Gaiotto, Davide and Tachikawa, Yuji",
      title          = "{Liouville Correlation Functions from Four-dimensional
                        Gauge Theories}",
      journal        = "Lett. Math. Phys.",
      volume         = "91",
      year           = "2010",
      pages          = "167-197",
      doi            = "10.1007/s11005-010-0369-5",
      eprint         = "0906.3219",
      archivePrefix  = "arXiv",
      primaryClass   = "hep-th",
      SLACcitation   = "%%CITATION = ARXIV:0906.3219;%%"
}

@article{Perlmutter:2015iya,
      author         = "Perlmutter, Eric",
      title          = "{Virasoro conformal blocks in closed form}",
      journal        = "JHEP",
      volume         = "08",
      year           = "2015",
      pages          = "088",
      doi            = "10.1007/JHEP08(2015)088",
      eprint         = "1502.07742",
      archivePrefix  = "arXiv",
      primaryClass   = "hep-th",
      SLACcitation   = "%%CITATION = ARXIV:1502.07742;%%"
}

@article{Calabrese:2004eu,
      author         = "Calabrese, Pasquale and Cardy, John L.",
      title          = "{Entanglement entropy and quantum field theory}",
      journal        = "J. Stat. Mech.",
      volume         = "0406",
      year           = "2004",
      pages          = "P06002",
      doi            = "10.1088/1742-5468/2004/06/P06002",
      eprint         = "hep-th/0405152",
      archivePrefix  = "arXiv",
      primaryClass   = "hep-th",
      SLACcitation   = "%%CITATION = HEP-TH/0405152;%%"
}

@inproceedings{Cardy:2008jc,
      author         = "Cardy, John",
      title          = "{Conformal Field Theory and Statistical Mechanics}",
      booktitle      = "{Les Houches Summer School: Session 89: Exacts Methods in
                        Low-Dimensional Statistical Physics and Quantum Computing
                        Les Houches, France, June 30-August 1, 2008}",
      url            = "https://inspirehep.net/record/791466/files/arXiv:0807.3472.pdf",
      year           = "2008",
      eprint         = "0807.3472",
      archivePrefix  = "arXiv",
      primaryClass   = "cond-mat.stat-mech",
      SLACcitation   = "%%CITATION = ARXIV:0807.3472;%%"
}

@book{frankel2004geometry,
  title={The Geometry of Physics: An Introduction},
  author={Frankel, T.},
  isbn={9780521539272},
  lccn={2003044030},
  url={https://books.google.fi/books?id=DUnjs6nEn8wC},
  year={2004},
  publisher={Cambridge University Press}
}

@article{Harlow:2011ny,
      author         = "Harlow, Daniel and Maltz, Jonathan and Witten, Edward",
      title          = "{Analytic Continuation of Liouville Theory}",
      journal        = "JHEP",
      volume         = "12",
      year           = "2011",
      pages          = "071",
      doi            = "10.1007/JHEP12(2011)071",
      eprint         = "1108.4417",
      archivePrefix  = "arXiv",
      primaryClass   = "hep-th",
      reportNumber   = "SU-ITP-11-42",
      SLACcitation   = "%%CITATION = ARXIV:1108.4417;%%"
}

@article{Achucarro:1987vz,
      author         = "Achucarro, A. and Townsend, P. K.",
      title          = "{A Chern-Simons Action for Three-Dimensional anti-De
                        Sitter Supergravity Theories}",
      journal        = "Phys. Lett.",
      volume         = "B180",
      year           = "1986",
      pages          = "89",
      doi            = "10.1016/0370-2693(86)90140-1",
      reportNumber   = "Print-87-0078 (CAMBRIDGE)",
      SLACcitation   = "%%CITATION = PHLTA,B180,89;%%"
}

@article{Zamolodchikov:1986gt,
      author         = "Zamolodchikov, A. B.",
      title          = "{Irreversibility of the Flux of the Renormalization Group
                        in a 2D Field Theory}",
      journal        = "JETP Lett.",
      volume         = "43",
      year           = "1986",
      pages          = "730-732",
      note           = "[Pisma Zh. Eksp. Teor. Fiz.43,565(1986)]",
      SLACcitation   = "%%CITATION = JTPLA,43,730;%%"
}

@article{Ferrara:1,
      author         = "Ferrara, S. and Grillo, A. F. and Gatto, R.",
      title          = "{Manifestly conformal covariant operator-product
                        expansion}",
      journal        = "Lett. Nuovo Cim.",
      volume         = "2S2",
      year           = "1971",
      pages          = "1363-1369",
      doi            = "10.1007/BF02770435",
      note           = "[Lett. Nuovo Cim.2,1363(1971)]",
      SLACcitation   = "%%CITATION = NCLTA,2S2,1363;%%"
}
@article{Ferrara:2,
      author         = "Ferrara, S. and Grillo, A. F. and Parisi, G. and Gatto,
                        Raoul",
      title          = "{Covariant expansion of the conformal four-point
                        function}",
      journal        = "Nucl. Phys.",
      volume         = "B49",
      year           = "1972",
      pages          = "77-98",
      doi            = "10.1016/0550-3213(72)90587-1,
                        10.1016/0550-3213(73)90467-7",
      note           = "[Erratum: Nucl. Phys.B53,643(1973)]",
      SLACcitation   = "%%CITATION = NUPHA,B49,77;%%"
}

@article{Ferrara:3,
      author         = "Ferrara, S. and Gatto, Raoul and Grillo, A. F.",
      title          = "{Properties of Partial Wave Amplitudes in Conformal
                        Invariant Field Theories}",
      journal        = "Nuovo Cim.",
      volume         = "A26",
      year           = "1975",
      pages          = "226",
      doi            = "10.1007/BF02769009",
      reportNumber   = "INFN-ROME-585",
      SLACcitation   = "%%CITATION = NUCIA,A26,226;%%"
}

@article{Maldacena:1,
      author         = "Maldacena, Juan Martin",
      title          = "{The Large N limit of superconformal field theories and
                        supergravity}",
      journal        = "Int. J. Theor. Phys.",
      volume         = "38",
      year           = "1999",
      pages          = "1113-1133",
      doi            = "10.1023/A:1026654312961",
      note           = "[Adv. Theor. Math. Phys.2,231(1998)]",
      eprint         = "hep-th/9711200",
      archivePrefix  = "arXiv",
      primaryClass   = "hep-th",
      reportNumber   = "HUTP-97-A097, HUTP-98-A097",
      SLACcitation   = "%%CITATION = HEP-TH/9711200;%%"
}

@article{Dolan:2000ut,
      author         = "Dolan, F. A. and Osborn, H.",
      title          = "{Conformal four point functions and the operator product
                        expansion}",
      journal        = "Nucl. Phys.",
      volume         = "B599",
      year           = "2001",
      pages          = "459-496",
      doi            = "10.1016/S0550-3213(01)00013-X",
      eprint         = "hep-th/0011040",
      archivePrefix  = "arXiv",
      primaryClass   = "hep-th",
      reportNumber   = "DAMTP-2000-125",
      SLACcitation   = "%%CITATION = HEP-TH/0011040;%%"
}